<record><leader>00000cas a2200000 a 4500</leader><controlfield tag="001">9788581</controlfield><controlfield tag="007">hd afb---baua</controlfield><controlfield tag="007">hd bfb---baba</controlfield><controlfield tag="008">830808u1884uuuuwauuu nea     0   a0eng c</controlfield><datafield ind1=" " ind2=" " tag="010"><subfield code="a">  2011252752</subfield></datafield><datafield ind1=" " ind2=" " tag="040"><subfield code="a">WAU</subfield><subfield code="b">eng</subfield><subfield code="c">WAU</subfield><subfield code="d">OCL</subfield><subfield code="d">OCLCQ</subfield><subfield code="d">WAU</subfield><subfield code="d">OCLCF</subfield><subfield code="d">OCLCQ</subfield></datafield><datafield ind1=" " ind2=" " tag="042"><subfield code="a">pcc</subfield></datafield><datafield ind1=" " ind2=" " tag="043"><subfield code="a">n-us-wa</subfield></datafield><datafield ind1="0" ind2="0" tag="245"><subfield code="a">East Washingtonian.</subfield></datafield><datafield ind1=" " ind2=" " tag="260"><subfield code="a">Pomeroy, Wash. :</subfield><subfield code="b">[publisher not identified]</subfield></datafield><datafield ind1=" " ind2=" " tag="300"><subfield code="a">volumes</subfield></datafield><datafield ind1=" " ind2=" " tag="336"><subfield code="a">text</subfield><subfield code="b">txt</subfield><subfield code="2">rdacontent</subfield></datafield><datafield ind1=" " ind2=" " tag="337"><subfield code="a">microform</subfield><subfield code="b">h</subfield><subfield code="2">rdamedia</subfield></datafield><datafield ind1=" " ind2=" " tag="338"><subfield code="a">microfilm reel</subfield><subfield code="b">hd</subfield><subfield code="2">rdacarrier</subfield></datafield><datafield ind1="1" ind2=" " tag="362"><subfield code="a">Began in 1884.</subfield><subfield code="z">Cf. Gregory, W., American newspapers, 1937.</subfield></datafield><datafield ind1=" " ind2=" " tag="588"><subfield code="a">Description based on: 77th year, no. 29 (July 10, 1958); title from masthead.</subfield></datafield><datafield ind1=" " ind2=" " tag="588"><subfield code="a">Latest issue consulted: 78th year, no. 49 (Nov. 26, 1959).</subfield></datafield><datafield ind1=" " ind2=" " tag="533"><subfield code="a">Microfilm.</subfield><subfield code="b">Seattle, Wash. :</subfield><subfield code="c">University of Washington,</subfield><subfield code="d">1983.</subfield><subfield code="e">1 microfilm reel ; 35 mm.</subfield></datafield><datafield ind1=" " ind2="0" tag="651"><subfield code="a">Pomeroy (Wash.)</subfield><subfield code="v">Newspapers.</subfield></datafield><datafield ind1=" " ind2="7" tag="651"><subfield code="a">Washington (State)</subfield><subfield code="z">Pomeroy.</subfield><subfield code="2">fast</subfield><subfield code="0">(OCoLC)fst01291751</subfield></datafield><datafield ind1=" " ind2="7" tag="655"><subfield code="a">Newspapers.</subfield><subfield code="2">fast</subfield><subfield code="0">(OCoLC)fst01423814</subfield></datafield><datafield ind1=" " ind2=" " tag="752"><subfield code="a">United States</subfield><subfield code="b">Washington</subfield><subfield code="c">Garfield</subfield><subfield code="d">Pomeroy.</subfield></datafield><datafield ind1="1" ind2=" " tag="776"><subfield code="c">Original</subfield><subfield code="w">(DLC)sn 87093171</subfield><subfield code="w">(OCoLC)17164754</subfield></datafield><datafield ind1="0" ind2="0" tag="780"><subfield code="t">Pomeroy Republican</subfield><subfield code="w">(DLC)  2011252751</subfield><subfield code="w">(OCoLC)9788494</subfield></datafield></record>